<record><leader>00000cas a22000007a 4500</leader><controlfield tag="001">11416969</controlfield><controlfield tag="008">841123d19091925mtuwr ne      0    0eng d</controlfield><controlfield tag="009">4661</controlfield><datafield ind1=" " ind2=" " tag="010"><subfield code="a">sn 84036250 </subfield></datafield><datafield ind1=" " ind2=" " tag="040"><subfield code="a">MTL</subfield><subfield code="b">eng</subfield><subfield code="c">MTL</subfield><subfield code="d">OCLCQ</subfield></datafield><datafield ind1=" " ind2=" " tag="042"><subfield code="a">msc</subfield></datafield><datafield ind1="0" ind2="0" tag="245"><subfield code="a">Powell County post.</subfield></datafield><datafield ind1=" " ind2=" " tag="260"><subfield code="a">Deer Lodge, Mont. :</subfield><subfield code="b">C.E. Aspling &amp; J.S. Aspling,</subfield><subfield code="c">-1925.</subfield></datafield><datafield ind1=" " ind2=" " tag="300"><subfield code="a">16 v. :</subfield><subfield code="b">ill. ;</subfield><subfield code="c">54 cm.</subfield></datafield><datafield ind1=" " ind2=" " tag="310"><subfield code="a">Weekly</subfield></datafield><datafield ind1="0" ind2=" " tag="362"><subfield code="a">-v. 16, no. 47 (Mar. 6, 1925).</subfield></datafield><datafield ind1="1" ind2=" " tag="362"><subfield code="a">Began Apr. 30, 1909.</subfield><subfield code="z">Cf. Gregory, W. Amer. newspapers.</subfield></datafield><datafield ind1=" " ind2=" " tag="500"><subfield code="a">"Official newspaper of the City of Deer Lodge and the County of Powell."</subfield></datafield><datafield ind1=" " ind2=" " tag="752"><subfield code="a">United States</subfield><subfield code="b">Montana</subfield><subfield code="c">Powell</subfield><subfield code="d">Deer Lodge.</subfield></datafield><datafield ind1="0" ind2="7" tag="785"><subfield code="t">Silver state (Deer Lodge, Mont.)</subfield><subfield code="w">(DLC)sn 84036253</subfield></datafield><datafield ind1="0" ind2="7" tag="785"><subfield code="t">Silver state post</subfield><subfield code="w">(DLC)sn 84036254</subfield></datafield></record>